@misc{ enwiki:1126871905,
  author = "{Wikipedia contributors}",
  title = "Binomial coefficient --- {Wikipedia}{,} The Free Encyclopedia",
  year = "2022",
  url = "https://en.wikipedia.org/w/index.php?title=Binomial_coefficient&oldid=1126871905",
  note = "[Online; accessed 14-December-2022]"
}
